@article {FF2015,
  title = "A five-factor asset pricing model",
  author = "Eugene F. Fama and Kenneth R. French",
  year = "2015",
  journal = "Journal of Financial Economics",
  volume = "116",
  number = "1",
  pages = "1--22"
}

@article{AngChen2002,
  title = "Asymmetric correlations of equity portfolios",
  author = "Andrew Ang and Joseph Chen",
  year = "2002",
  journal = "Journal of Financial Economics",
  volume = "63",
  pages = "443--494"
}

@article{KhandaniLo2011,
  title = "What happened to the quants in {August} 2007? Evidence from factors and transactions data",
  author = "Amir E. Khandani and Andrew W. Lo",
  year = "2011",
  journal = "Journal of Financial Markets",
  volume = "14",
  pages = "1--46"
}

@unpublished{LouPolk2013,
  title = "Comomentum: {Inferring} Arbitrage Activity from Return Correlations",
  author = "Dong Lou and Christopher Polk",
  year = "2013"
}

@article{HongStein1999,
  title = "A Unified Theory of UNderreaction, Momentum Trading, and Overreaction in Asset Markets",
  author = "Harrison Hong and Jeremy C. Stein",
  year = "1999",
  journal = "The Journal of Finance",
  volume = "54",
  number = "6",
  pages = "2143--2184"
}

@article{VayanosWoolley2013,
  title = "An Institutional Theory of Momentum and Reversal",
  author = "Dimitri Vayanos and Paul Woolley",
  year = "2013",
  journal = "The Review of Financial Studies",
  volume = "26",
  number = "5",
  pages = "1087--1145"
}

@unpublished{CholleteNing2012,
  title = "Asymmetric Dependence between Aggregate Consumption and Financial Risk",
  author = "Lorán Chollete and Cathy Ning",
  year = "2012"
}

@article{Giorgia2015,
  title = "Factor copulas through a vine structure",
  author = "Rivieccio Giorgia",
  year = "2015",
  journal = "Electronic Journal of Applied Statistical Analysis",
  volume = "8",
  number = "2",
  pages = "246--266"
}

@article{AngChen2002,
  title={Asymmetric correlations of equity portfolios},
  author={Ang, Andrew and Chen, Joseph},
  journal={Journal of financial Economics},
  volume={63},
  number={3},
  pages={443--494},
  year={2002},
  publisher={Elsevier}
}

@article{LonginSolnik2001,
  title={Extreme correlation of international equity markets},
  author={Longin, Francois and Solnik, Bruno},
  journal={The journal of finance},
  volume={56},
  number={2},
  pages={649--676},
  year={2001},
  publisher={Wiley Online Library}
}

@article{Hansen1994,
  title={Autoregressive conditional density estimation},
  author={Hansen, Bruce E},
  journal={International Economic Review},
  pages={705--730},
  year={1994},
  publisher={JSTOR}
}

@article{Breymann2013,
  title={ghyp: A package on generalized hyperbolic distributions},
  author={Breymann, Wolfgang and L{\"u}thi, David},
  journal={Available in http://cran.r-project.org/web/packages/ghyp/vignettes/Generalized_Hyperbolic_Distribution.pdf},
  year={2013}
}

@article{McNeilFreyEmbrecht2005,
  title={Quantitative risk management},
  author={Embrechts, Paul and Frey, Rdiger and McNeil, Alexander},
  journal={Princeton Series in Finance, Princeton},
  volume={10},
  year={2005}
}

@book{Sklar1959,
  title={Fonctions de r{\'e}partition {\`a} n dimensions et leurs marges},
  author={Sklar, M},
  year={1959},
  publisher={Universit{\'e} Paris 8}
}

@article{Patton2006,
  title={Modelling asymmetric exchange rate dependence},
  author={Patton, Andrew J},
  journal={International economic review},
  volume={47},
  number={2},
  pages={527--556},
  year={2006},
  publisher={Wiley Online Library}
}

@book{Joe1997,
  title={Multivariate models and multivariate dependence concepts},
  author={Joe, Harry},
  year={1997},
  publisher={CRC Press}
}

@article{ChenFanTsyrennikov2006,
  title={Efficient estimation of semiparametric multivariate copula models},
  author={Chen, Xiaohong and Fan, Yanqin and Tsyrennikov, Viktor},
  journal={Journal of the American Statistical Association},
  volume={101},
  number={475},
  pages={1228--1240},
  year={2006},
  publisher={Taylor \& Francis}
}

@article{Engle2002,
  title={Dynamic conditional correlation: A simple class of multivariate generalized autoregressive conditional heteroskedasticity models},
  author={Engle, Robert},
  journal={Journal of Business \& Economic Statistics},
  volume={20},
  number={3},
  pages={339--350},
  year={2002},
  publisher={Taylor \& Francis}
}

@article{TseTsui2002,
  title={A multivariate generalized autoregressive conditional heteroscedasticity model with time-varying correlations},
  author={Tse, Yiu K and Tsui, Albert K C},
  journal={Journal of Business \& Economic Statistics},
  volume={20},
  number={3},
  pages={351--362},
  year={2002},
  publisher={Taylor \& Francis}
}

@article{Aielli2013,
  title={Dynamic conditional correlation: on properties and estimation},
  author={Aielli, Gian Piero},
  journal={Journal of Business \& Economic Statistics},
  volume={31},
  number={3},
  pages={282--299},
  year={2013},
  publisher={Taylor \& Francis}
}

@article{ChristoffersenErrunzaJacobLanglois2012,
  title={Is the potential for international diversification disappearing? A dynamic copula approach},
  author={Christoffersen, Peter and Errunza, Vihang and Jacobs, Kris and Langlois, Hugues},
  journal={Review of Financial Studies},
  volume={25},
  number={12},
  pages={3711--3751},
  year={2012},
  publisher={Soc Financial Studies}
}

@article{ChristoffersenLanglois2013,
  title={The joint dynamics of equity market factors},
  author={Christoffersen, Peter and Langlois, Hugues},
  journal={Journal of Financial and Quantitative Analysis},
  volume={48},
  number={05},
  pages={1371--1404},
  year={2013},
  publisher={Cambridge Univ Press}
}

@article{Bollerslev1986,
  title={Generalized autoregressive conditional heteroskedasticity},
  author={Bollerslev, Tim},
  journal={Journal of econometrics},
  volume={31},
  number={3},
  pages={307--327},
  year={1986},
  publisher={Elsevier}
}

@inproceedings{Black1976,
  title={Studies of Stock Price volatility Changes},
  author={Black, Fischer},
  booktitle={Proceedings of the 1976 Meetings of the American Statistical Association, Business and Economical Statistics Section},
  pages={177--181}
}

@article{glosten1993relation,
  title={On the relation between the expected value and the volatility of the nominal excess return on stocks},
  author={Glosten, Lawrence R and Jagannathan, Ravi and Runkle, David E},
  journal={The journal of finance},
  volume={48},
  number={5},
  pages={1779--1801},
  year={1993},
  publisher={Wiley Online Library}
}

@article{PolitisRomano1994,
  title={The stationary bootstrap},
  author={Politis, Dimitris N and Romano, Joseph P},
  journal={Journal of the American Statistical association},
  volume={89},
  number={428},
  pages={1303--1313},
  year={1994},
  publisher={Taylor \& Francis Group}
}

@article{ChenFan2006,
  title={Estimation and model selection of semiparametric copula-based multivariate dynamic models under copula misspecification},
  author={Chen, Xiaohong and Fan, Yanqin},
  journal={Journal of econometrics},
  volume={135},
  number={1},
  pages={125--154},
  year={2006},
  publisher={Elsevier}
}

@article{GonclavesWhite2004,
  title={Maximum likelihood and the bootstrap for nonlinear dynamic models},
  author={Gon{\c{c}}alves, S{\i}́lvia and White, Halbert},
  journal={Journal of Econometrics},
  volume={119},
  number={1},
  pages={199--219},
  year={2004},
  publisher={Elsevier}
}

@unpublished{Remillard2010,
  title={Goodness-of-fit tests for copulas of multivariate time series},
  author={R{\'e}millard, Bruno},
  year={2010}
}

@article{HullWhite1998,
  title={Incorporating volatility updating into the historical simulation method for value-at-risk},
  author={Hull, John and White, Alan},
  journal={Journal of Risk},
  volume={1},
  number={1},
  pages={5--19},
  year={1998}
}

@article{BoudoukhRichardsonWhitelaw1998,
  title={The best of both worlds},
  author={Boudoukh, Jacob and Richardson, Matthew and Whitelaw, Robert},
  journal={Risk},
  volume={11},
  number={5},
  pages={64--67},
  year={1998}
}

@article{FamaFrench1993,
  title={Common risk factors in the returns on stocks and bonds},
  author={Fama, Eugene F and French, Kenneth R},
  journal={Journal of financial economics},
  volume={33},
  number={1},
  pages={3--56},
  year={1993},
  publisher={Elsevier}
}

@TechReport{AQREMN,
    title = {Building a Better Equity Market Neutral Strategy},
    year = {2015},
    month ={apr},
    author ={{AQR Capital Management, LLC}}
}

@TechReport{McKEMN,
    title = {The Trillion-Dollar Convergence: Capturing the Next Wave of
Growth in Alternative Investments},
    year = {2014},
    month ={aug},
    author ={{McKinsey & Company}}
}

@book{Pedersen2015,
  title={Efficiently inefficient: how smart money invests and market prices are determined},
  author={Pedersen, Lasse Heje},
  year={2015},
  publisher={Princeton University Press}
}

@article{Zhang2005,
  title={The value premium},
  author={Zhang, Lu},
  journal={The Journal of Finance},
  volume={60},
  number={1},
  pages={67--103},
  year={2005},
  publisher={Wiley Online Library}
}

@article{PetkovaZhang2005,
  title={Is value riskier than growth?},
  author={Petkova, Ralitsa and Zhang, Lu},
  journal={Journal of Financial Economics},
  volume={78},
  number={1},
  pages={187--202},
  year={2005},
  publisher={Elsevier}
}

@article{LiewVassalou2000,
  title={Can book-to-market, size and momentum be risk factors that predict economic growth?},
  author={Liew, Jimmy and Vassalou, Maria},
  journal={Journal of Financial Economics},
  volume={57},
  number={2},
  pages={221--245},
  year={2000},
  publisher={Elsevier}
}

@book{Ilmanen2011 ,
  title={Expected returns: An investor's guide to harvesting market rewards},
  author={Ilmanen, Antti},
  year={2011},
  publisher={John Wiley \& Sons}
}

@article{DanielTitman1997,
  title={Evidence on the characteristics of cross sectional variation in stock returns},
  author={Daniel, Kent and Titman, Sheridan},
  journal={The Journal of Finance},
  volume={52},
  number={1},
  pages={1--33},
  year={1997},
  publisher={Wiley Online Library}
}

@article{LakonishokShleiferVishny1994,
  title={Contrarian investment, extrapolation, and risk},
  author={Lakonishok, Josef and Shleifer, Andrei and Vishny, Robert W},
  journal={The journal of finance},
  volume={49},
  number={5},
  pages={1541--1578},
  year={1994},
  publisher={Wiley Online Library}
}

@article{BarberisHuang2001,
  title={Mental accounting, loss aversion, and individual stock returns},
  author={Barberis, Nicholas and Huang, Ming},
  journal={The Journal of Finance},
  volume={56},
  number={4},
  pages={1247--1292},
  year={2001},
  publisher={Wiley Online Library}
}

@article{LakonishokShleiferVishny1992,
  title={The impact of institutional trading on stock prices},
  author={Lakonishok, Josef and Shleifer, Andrei and Vishny, Robert W},
  journal={Journal of financial economics},
  volume={32},
  number={1},
  pages={23--43},
  year={1992},
  publisher={Elsevier}
}