@article {FF2015,
  title = "A five-factor asset pricing model",
  author = "Eugene F. Fama and Kenneth R. French",
  year = "2015",
  journal = "Journal of Financial Economics",
  volume = "116",
  number = "1",
  pages = "1--22"
}

@article{AngChen2002,
  title = "Asymmetric correlations of equity portfolios",
  author = "Andrew Ang and Joseph Chen",
  year = "2002",
  journal = "Journal of Financial Economics",
  volume = "63",
  pages = "443--494"
}

@article{KhandaniLo2011,
  title = "What happened to the quants in {August} 2007? {E}vidence from factors and transactions data",
  author = "Amir E. Khandani and Andrew W. Lo",
  year = "2011",
  journal = "Journal of Financial Markets",
  volume = "14",
  pages = "1--46"
}

@article{LouPolk2013,
  title = "Comomentum: {Inferring} Arbitrage Activity from Return Correlations",
  author = "Dong Lou and Christopher Polk",
  journal = {Unpublished working paper, London School of Economics},
  year = "2013"
}

@article{HongStein1999,
  title = "A Unified Theory of Underreaction, Momentum Trading, and Overreaction in Asset Markets",
  author = "Harrison Hong and Jeremy C Stein",
  year = "1999",
  journal = "The Journal of Finance",
  volume = "54",
  number = "6",
  pages = "2143--2184"
}

@article{FisherGallagher2012,
  title={New weighted portmanteau statistics for time series goodness of fit testing},
  author={Fisher, Thomas J. and Gallagher, Colin M.},
  journal={Journal of the American Statistical Association},
  volume={107},
  number={498},
  pages={777--787},
  year={2012},
  publisher={Taylor \& Francis Group}
}

@article{VayanosWoolley2013,
  title = "An Institutional Theory of Momentum and Reversal",
  author = "Dimitri Vayanos and Paul Woolley",
  year = "2013",
  journal = "The Review of Financial Studies",
  volume = "26",
  number = "5",
  pages = "1087--1145"
}

@article{Giorgia2015,
  title = "Factor copulas through a vine structure",
  author = "Rivieccio Giorgia",
  year = "2015",
  journal = "Electronic Journal of Applied Statistical Analysis",
  volume = "8",
  number = "2",
  pages = "246--266"
}

@article{AngChen2002,
  title={Asymmetric correlations of equity portfolios},
  author={Ang, Andrew and Chen, Joseph},
  journal={Journal of Financial Economics},
  volume={63},
  number={3},
  pages={443--494},
  year={2002},
  publisher={Elsevier}
}

@article{LonginSolnik2001,
  title={Extreme correlation of international equity markets},
  author={Longin, Francois and Solnik, Bruno},
  journal={The Journal of Finance},
  volume={56},
  number={2},
  pages={649--676},
  year={2001},
  publisher={Wiley Online Library}
}

@article{Hansen1994,
  title={Autoregressive conditional density estimation},
  author={Hansen, Bruce E.},
  journal={International Economic Review},
  pages={705--730},
  year={1994},
  publisher={JSTOR}
}

@article{Breymann2013,
  title={ghyp: A package on generalized hyperbolic distributions},
  author={Breymann, Wolfgang and L{\"u}thi, David},
  journal={Available in http://cran.r-project.org/web/packages/ghyp/vignettes/Generalized_Hyperbolic_Distribution.pdf},
  year={2013}
}

@article{McNeilFreyEmbrecht2005,
  title={Quantitative risk management},
  author={Embrechts, Paul and Frey, Rdiger and McNeil, Alexander},
  journal={Princeton Series in Finance, Princeton},
  volume={10},
  year={2005}
}

@article{Sklar1959,
  title={Fonctions de r{\'e}partition {\`a} n dimensions et leurs marges},
  author={Sklar, Abe},
  year={1959},
  journal={Publications de l’Institut Statistique de l’Université de Paris},
  volume={8},
  pages={229--231}
}

@article{Patton2006,
  title={Modelling asymmetric exchange rate dependence},
  author={Patton, Andrew J},
  journal={International Economic Review},
  volume={47},
  number={2},
  pages={527--556},
  year={2006},
  publisher={Wiley Online Library}
}

@book{Joe1997,
  title={Multivariate models and multivariate dependence concepts},
  author={Joe, Harry},
  year={1997},
  publisher={CRC Press}
}

@article{ChenFanTsyrennikov2006,
  title={Efficient estimation of semiparametric multivariate copula models},
  author={Chen, Xiaohong and Fan, Yanqin and Tsyrennikov, Viktor},
  journal={Journal of the American Statistical Association},
  volume={101},
  number={475},
  pages={1228--1240},
  year={2006},
  publisher={Taylor \& Francis}
}

@article{Engle2002,
  title={Dynamic conditional correlation: {A} simple class of multivariate generalized autoregressive conditional heteroskedasticity models},
  author={Engle, Robert},
  journal={Journal of Business \& Economic Statistics},
  volume={20},
  number={3},
  pages={339--350},
  year={2002},
  publisher={Taylor \& Francis}
}

@article{TseTsui2002,
  title={A multivariate generalized autoregressive conditional heteroscedasticity model with time-varying correlations},
  author={Tse, Yiu K and Tsui, Albert K C},
  journal={Journal of Business \& Economic Statistics},
  volume={20},
  number={3},
  pages={351--362},
  year={2002},
  publisher={Taylor \& Francis}
}

@article{Aielli2013,
  title={Dynamic conditional correlation: on properties and estimation},
  author={Aielli, Gian Piero},
  journal={Journal of Business \& Economic Statistics},
  volume={31},
  number={3},
  pages={282--299},
  year={2013},
  publisher={Taylor \& Francis}
}

@article{ChristoffersenErrunzaJacobLanglois2012,
  title={Is the potential for international diversification disappearing? {A} dynamic copula approach},
  author={Christoffersen, Peter and Errunza, Vihang and Jacobs, Kris and Langlois, Hugues},
  journal={Review of Financial Studies},
  volume={25},
  number={12},
  pages={3711--3751},
  year={2012},
  publisher={Soc Financial Studies}
}

@article{ChristoffersenLanglois2013,
  title={The joint dynamics of equity market factors},
  author={Christoffersen, Peter and Langlois, Hugues},
  journal={Journal of Financial and Quantitative Analysis},
  volume={48},
  number={05},
  pages={1371--1404},
  year={2013},
  publisher={Cambridge University Press}
}

@article{Bollerslev1986,
  title={Generalized autoregressive conditional heteroskedasticity},
  author={Bollerslev, Tim},
  journal={Journal of Econometrics},
  volume={31},
  number={3},
  pages={307--327},
  year={1986},
  publisher={Elsevier}
}

@article{Black1976,
  title={Studies of Stock Price volatility Changes},
  author={Black, Fischer},
  year={1976},
  journal={Proceedings of the 1976 Meetings of the American Statistical Association, Business and Economical Statistics Section},
  pages={177--181}
}

@article{glosten1993relation,
  title={On the relation between the expected value and the volatility of the nominal excess return on stocks},
  author={Glosten, Lawrence R and Jagannathan, Ravi and Runkle, David E},
  journal={The Journal of Finance},
  volume={48},
  number={5},
  pages={1779--1801},
  year={1993},
  publisher={Wiley Online Library}
}

@article{PolitisRomano1994,
  title={The stationary bootstrap},
  author={Politis, Dimitris N and Romano, Joseph P},
  journal={Journal of the American Statistical association},
  volume={89},
  number={428},
  pages={1303--1313},
  year={1994},
  publisher={Taylor \& Francis Group}
}

@article{ChenFan2006,
  title={Estimation and model selection of semiparametric copula-based multivariate dynamic models under copula misspecification},
  author={Chen, Xiaohong and Fan, Yanqin},
  journal={Journal of Econometrics},
  volume={135},
  number={1},
  pages={125--154},
  year={2006},
  publisher={Elsevier}
}

@article{GonclavesWhite2004,
  title={Maximum likelihood and the bootstrap for nonlinear dynamic models},
  author={Gon{\c{c}}alves, S{\i}́lvia and White, Halbert},
  journal={Journal of Econometrics},
  volume={119},
  number={1},
  pages={199--219},
  year={2004},
  publisher={Elsevier}
}

@article{Remillard2010,
  title={Goodness-of-fit tests for copulas of multivariate time series},
  author={R{\'e}millard, Bruno},
  journal={Unpublished working paper},
  year={2010}
}

@article{HullWhite1998,
  title={Incorporating volatility updating into the historical simulation method for value-at-risk},
  author={Hull, John and White, Alan},
  journal={Journal of Risk},
  volume={1},
  number={1},
  pages={5--19},
  year={1998}
}

@article{BoudoukhRichardsonWhitelaw1998,
  title={The best of both worlds},
  author={Boudoukh, Jacob and Richardson, Matthew and Whitelaw, Robert},
  journal={Risk},
  volume={11},
  number={5},
  pages={64--67},
  year={1998}
}

@article{FamaFrench1993,
  title={Common risk factors in the returns on stocks and bonds},
  author={Fama, Eugene F and French, Kenneth R},
  journal={Journal of Financial Economics},
  volume={33},
  number={1},
  pages={3--56},
  year={1993},
  publisher={Elsevier}
}

@techreport{AQREMN,
    title = {Building a Better Equity Market Neutral Strategy},
    year = {2015},
    month ={apr},
    author ={{AQR Capital Management, LLC}},
    urldate = {2016-10-11},
    url = {https://www.aqr.com/~/media/files/papers/aqr-building-a-better-equity-market-neutral-strategy.pdf}
}

@techreport{McKEMN,
    title = {The Trillion-Dollar Convergence: {Capturing} the Next Wave of
Growth in Alternative Investments},
    year = {2014},
    month ={aug},
    author ={{McKinsey \& Company}},
    urldate = {2016-10-11},
    url = {http://www.mckinsey.com/industries/financial-services/our-insights/the-trillion-dollar-convergence}
}

@book{Pedersen2015,
  title={Efficiently inefficient: {How} smart money invests and market prices are determined},
  author={Pedersen, Lasse Heje},
  year={2015},
  publisher={Princeton University Press}
}

@article{Zhang2005,
  title={The value premium},
  author={Zhang, Lu},
  journal={The Journal of Finance},
  volume={60},
  number={1},
  pages={67--103},
  year={2005},
  publisher={Wiley Online Library}
}

@article{PetkovaZhang2005,
  title={Is value riskier than growth?},
  author={Petkova, Ralitsa and Zhang, Lu},
  journal={Journal of Financial Economics},
  volume={78},
  number={1},
  pages={187--202},
  year={2005},
  publisher={Elsevier}
}

@article{LiewVassalou2000,
  title={Can book-to-market, size and momentum be risk factors that predict economic growth?},
  author={Liew, Jimmy and Vassalou, Maria},
  journal={Journal of Financial Economics},
  volume={57},
  number={2},
  pages={221--245},
  year={2000},
  publisher={Elsevier}
}

@book{Ilmanen2011 ,
  title={Expected returns: {An} investor's guide to harvesting market rewards},
  author={Ilmanen, Antti},
  year={2011},
  pages={200--214},
  publisher={John Wiley \& Sons}
}

@article{DanielTitman1997,
  title={Evidence on the characteristics of cross sectional variation in stock returns},
  author={Daniel, Kent and Titman, Sheridan},
  journal={The Journal of Finance},
  volume={52},
  number={1},
  pages={1--33},
  year={1997},
  publisher={Wiley Online Library}
}

@article{LakonishokShleiferVishny1994,
  title={Contrarian investment, extrapolation, and risk},
  author={Lakonishok, Josef and Shleifer, Andrei and Vishny, Robert W},
  journal={The Journal of Finance},
  volume={49},
  number={5},
  pages={1541--1578},
  year={1994},
  publisher={Wiley Online Library}
}

@article{BarberisHuang2001,
  title={Mental accounting, loss aversion, and individual stock returns},
  author={Barberis, Nicholas and Huang, Ming},
  journal={The Journal of Finance},
  volume={56},
  number={4},
  pages={1247--1292},
  year={2001},
  publisher={Wiley Online Library}
}

@article{LakonishokShleiferVishny1992,
  title={The impact of institutional trading on stock prices},
  author={Lakonishok, Josef and Shleifer, Andrei and Vishny, Robert W},
  journal={Journal of Financial Economics},
  volume={32},
  number={1},
  pages={23--43},
  year={1992},
  publisher={Elsevier}
}

@article{DanielTitman1997,
  title={Evidence on the characteristics of cross sectional variation in stock returns},
  author={Daniel, Kent and Titman, Sheridan},
  journal={The Journal of Finance},
  volume={52},
  number={1},
  pages={1--33},
  year={1997},
  publisher={Wiley Online Library}
}

@article{KhandaniLo2007,
  title={What Happened to the Quants in August 2007?},
  author={Khandani, A. and Lo, A.},
  journal={Journal of Investment Management},
  volume={5},
  number={4},
  pages={29--78},
  year={2007},
  publisher={CFA Institute}
}

@article{BrunnermeierPedersen2009,
  title={Market liquidity and funding liquidity},
  author={Brunnermeier, Markus K and Pedersen, Lasse Heje},
  journal={Review of Financial Studies},
  volume={22},
  number={6},
  pages={2201--2238},
  year={2009},
  publisher={Soc Financial Studies}
}

@article{Brunnermeier2009,
  title={Deciphering the liquidity and credit crunch 2007--2008},
  author={Brunnermeier, Markus K},
  journal={The Journal of Economic Perspectives},
  volume={23},
  number={1},
  pages={77--100},
  year={2009},
  publisher={American Economic Association}
}

@article{Stein2009,
  title={Presidential address: {Sophisticated} investors and market efficiency},
  author={Stein, Jeremy C},
  journal={The Journal of Finance},
  volume={64},
  number={4},
  pages={1517--1548},
  year={2009},
  publisher={Wiley Online Library}
}

@article{NovyMarx2013,
  title={The other side of value: {The} gross profitability premium},
  author={Novy-Marx, Robert},
  journal={Journal of Financial Economics},
  volume={108},
  number={1},
  pages={1--28},
  year={2013},
  publisher={Elsevier}
}

@article{CooperGulenSchill2008,
  title={Asset growth and the cross-section of stock returns},
  author={Cooper, Michael J and Gulen, Huseyin and Schill, Michael J},
  journal={The Journal of Finance},
  volume={63},
  number={4},
  pages={1609--1651},
  year={2008},
  publisher={Wiley Online Library}
}

@article{JegadeeshTitman1993,
  title={Returns to buying winners and selling losers: {Implications} for stock market efficiency},
  author={Jegadeesh, Narasimhan and Titman, Sheridan},
  journal={The Journal of finance},
  volume={48},
  number={1},
  pages={65--91},
  year={1993},
  publisher={Wiley Online Library}
}

@article{AsnessMoskovitzPedersen2013,
  title={Value and momentum everywhere},
  author={Asness, Clifford S and Moskowitz, Tobias J and Pedersen, Lasse Heje},
  journal={The Journal of Finance},
  volume={68},
  number={3},
  pages={929--985},
  year={2013},
  publisher={Wiley Online Library}
}

@article{CholleteNing2012,
  title = "Asymmetric Dependence between Aggregate Consumption and Financial Risk",
  author = "Lorán Chollete and Cathy Ning",
  year = "2012",
  journal = "Unpublished working paper, University of Stavanger and Ryerson University"
}

@article{White1982,
  title={Maximum likelihood estimation of misspecified models},
  author={White, Halbert},
  journal={Econometrica: Journal of the Econometric Society},
  pages={1--25},
  year={1982},
  publisher={JSTOR}
}

@article{EngleMezrich1995,
  title={Grappling with {GARCH}},
  author={Engle, Robert F and Mezrich, Joseph},
  journal={Risk},
  volume={8},
  number={9},
  pages={112--117},
  year={1995}
}

@article{Schwarz1978,
  title={Estimating the dimension of a model},
  author={Schwarz, Gideon},
  journal={The annals of statistics},
  volume={6},
  number={2},
  pages={461--464},
  year={1978},
  publisher={Institute of Mathematical Statistics}
}

@article{EngleNg1993,
  title={Measuring and testing the impact of news on volatility},
  author={Engle, Robert F. and Ng, Victor K.},
  journal={The Journal of Finance},
  volume={48},
  number={5},
  pages={1749--1778},
  year={1993},
  publisher={Wiley Online Library}
}

@article{LjungBox1978,
  title={On a measure of lack of fit in time series models},
  author={Ljung, Greta M. and Box, George E.P.},
  journal={Biometrika},
  volume={65},
  number={2},
  pages={297--303},
  year={1978},
  publisher={Biometrika Trust}
}

@article{LiMak1994,
  title={On the squared residual autocorrelations in non-linear time series with conditional heteroskedasticity},
  author={Li, W.K. and Mak, T.K.},
  journal={Journal of Time Series Analysis},
  volume={15},
  number={6},
  pages={627--636},
  year={1994},
  publisher={Wiley Online Library}
}

@article{AndersonGarciaFeijoo2006,
  title={Empirical evidence on capital investment, growth options, and security returns},
  author={Anderson, Christopher W. and Garcia-Feij{\'o}o, Luis},
  journal={The Journal of Finance},
  volume={61},
  number={1},
  pages={171--194},
  year={2006},
  publisher={Wiley Online Library}
}

@article{Asness2015,
  title={Fact, fiction, and value investing},
  author={Asness, Clifford S. and Frazzini, Andrea and Israel, Ronen and Moskowitz, Tobias J.},
  journal={Forthcoming, Journal of Portfolio Management, Fall},
  year={2015}
}

@article{AsnessFrazzini2013,
  title={The devil in HML's details},
  author={Asness, Clifford and Frazzini, Andrea},
  journal={Journal of Portfolio Management},
  volume={39},
  number={4},
  pages={49},
  year={2013},
  publisher={Euromoney Institutional Investor PLC}
}

@article{BEKKModel,
  title={Multivariate simultaneous generalized ARCH},
  author={Engle, Robert F. and Kroner, Kenneth F.},
  journal={Econometric theory},
  volume={11},
  number={01},
  pages={122--150},
  year={1995},
  publisher={Cambridge University Press}
}

@article{Cappiello2006,
  title={Asymmetric dynamics in the correlations of global equity and bond returns},
  author={Cappiello, Lorenzo and Engle, Robert F. and Sheppard, Kevin},
  journal={Journal of Financial Econometrics},
  volume={4},
  number={4},
  pages={537--572},
  year={2006},
  publisher={Oxford University Press}
}

@article{Jensen1968,
  title={The performance of mutual funds in the period 1945--1964},
  author={Jensen, Michael C.},
  journal={The Journal of Finance},
  volume={23},
  number={2},
  pages={389--416},
  year={1968},
  publisher={Wiley Online Library}
}

@article{NeweyWest1987,
  title={A Simple, Positive Semi-Definite, Heteroskedasticity and Autocorrelation Consistent Covariance Matrix},
  author={Newey, Whitney K. and West, Kenneth D.},
  journal={Econometrica},
  volume={55},
  number={3},
  pages={703--708},
  year={1987}
}

@article{HubermanKandel1987,
  title={Mean-variance spanning},
  author={Huberman, Gur and Kandel, Shmuel},
  journal={The Journal of Finance},
  volume={42},
  number={4},
  pages={873--888},
  year={1987},
  publisher={Wiley Online Library}
}

@article{Artzner1999,
  title={Coherent measures of risk},
  author={Artzner, Philippe and Delbaen, Freddy and Eber, Jean-Marc and Heath, David},
  journal={Mathematical Finance},
  volume={9},
  number={3},
  pages={203--228},
  year={1999},
  publisher={Wiley Online Library}
}

@article{Patton2012,
  title={Copula methods for forecasting multivariate time series},
  author={Patton, Andrew J.},
  journal={Handbook of economic forecasting},
  volume={2},
  pages={899--960},
  year={2012}
}

@article{Aas2009,
  title={Pair-copula constructions of multiple dependence},
  author={Aas, Kjersti and Czado, Claudia and Frigessi, Arnoldo and Bakken, Henrik},
  journal={Insurance: Mathematics and economics},
  volume={44},
  number={2},
  pages={182--198},
  year={2009},
  publisher={Elsevier}
}

@inproceedings{Wang2013,
  title={Dissecting the profitability premium},
  author={Wang, Huijun and Yu, Jianfeng},
  booktitle={AFA 2013 San Diego Meetings Paper},
  year={2013}
}
